<record><leader>00000cas a22000007a 4500</leader><controlfield tag="001">16810441</controlfield><controlfield tag="008">871005d18821918pauwr ne      0    0eng d</controlfield><datafield ind1=" " ind2=" " tag="010"><subfield code="a">sn 87078370 </subfield></datafield><datafield ind1=" " ind2=" " tag="040"><subfield code="a">NPH</subfield><subfield code="b">eng</subfield><subfield code="c">NPH</subfield><subfield code="d">OCLCQ</subfield></datafield><datafield ind1=" " ind2=" " tag="042"><subfield code="a">msc</subfield></datafield><datafield ind1="0" ind2="0" tag="245"><subfield code="a">Port Allegany reporter.</subfield></datafield><datafield ind1="3" ind2="0" tag="246"><subfield code="a">Reporter</subfield></datafield><datafield ind1=" " ind2=" " tag="260"><subfield code="a">Port Allegany, Pa :</subfield><subfield code="b">A.J. Hughes,</subfield><subfield code="c">1882-</subfield></datafield><datafield ind1=" " ind2=" " tag="300"><subfield code="a">v. :</subfield><subfield code="b">ill. ;</subfield><subfield code="c">60 cm.</subfield></datafield><datafield ind1=" " ind2=" " tag="310"><subfield code="a">Weekly</subfield></datafield><datafield ind1="0" ind2=" " tag="362"><subfield code="a">Vol. 8, no. 32 (Jan. 5, 1882)- = whole no. 396-</subfield></datafield><datafield ind1="1" ind2=" " tag="362"><subfield code="a">Ceased in 1918.</subfield></datafield><datafield ind1=" " ind2=" " tag="500"><subfield code="a">"Democratic."</subfield></datafield><datafield ind1=" " ind2=" " tag="752"><subfield code="a">United States</subfield><subfield code="b">Pennsylvania</subfield><subfield code="c">McKean</subfield><subfield code="d">Port Allegany.</subfield></datafield><datafield ind1="0" ind2="0" tag="780"><subfield code="t">Northern Tier reporter</subfield><subfield code="w">(DLC)sn 86053855</subfield></datafield><datafield ind1="0" ind2="7" tag="785"><subfield code="t">Port Allegany Argus</subfield><subfield code="w">(DLC)sn 87078374</subfield></datafield><datafield ind1="0" ind2="7" tag="785"><subfield code="t">Port Allegany reporter, Port Allegany Argus (Port Allegany, Pa. : 1918)</subfield><subfield code="w">(DLC)sn 87078373</subfield></datafield></record>